<record><leader>00000cas a2200000 a 4500</leader><controlfield tag="001">12764520</controlfield><controlfield tag="008">851106d18901901ksuwr ne      0    0eng d</controlfield><datafield ind1=" " ind2=" " tag="010"><subfield code="a">sn 85032886 </subfield></datafield><datafield ind1=" " ind2=" " tag="040"><subfield code="a">KSH</subfield><subfield code="b">eng</subfield><subfield code="c">KSH</subfield><subfield code="d">NPT</subfield><subfield code="d">OCL</subfield><subfield code="d">OCLCQ</subfield></datafield><datafield ind1=" " ind2=" " tag="042"><subfield code="a">msc</subfield></datafield><datafield ind1="0" ind2=" " tag="130"><subfield code="a">Alliance herald (Fredonia, Kan.)</subfield></datafield><datafield ind1="1" ind2="4" tag="245"><subfield code="a">The alliance herald.</subfield></datafield><datafield ind1=" " ind2=" " tag="260"><subfield code="a">Fredonia, Kan. :</subfield><subfield code="b">[Jessie Williams],</subfield><subfield code="c">-1901.</subfield></datafield><datafield ind1=" " ind2=" " tag="300"><subfield code="a">v. :</subfield><subfield code="b">ill. ;</subfield><subfield code="c">64 cm.</subfield></datafield><datafield ind1=" " ind2=" " tag="310"><subfield code="a">Weekly</subfield></datafield><datafield ind1="0" ind2=" " tag="362"><subfield code="a">-v. 11, no. 49 (Dec. 6, 1901).</subfield></datafield><datafield ind1="1" ind2=" " tag="362"><subfield code="a">Began in 1890.</subfield><subfield code="z">Cf. Rowell, 1893.</subfield></datafield><datafield ind1=" " ind2=" " tag="500"><subfield code="a">"Dedicated to the interests of the Alliance and other kindred organizations;" "Populist."</subfield></datafield><datafield ind1=" " ind2=" " tag="588"><subfield code="a">Description based on: Vol. 1, no. 12 (Mar. 20, 1891).</subfield></datafield><datafield ind1=" " ind2=" " tag="752"><subfield code="a">United States</subfield><subfield code="b">Kansas</subfield><subfield code="c">Wilson</subfield><subfield code="d">Fredonia.</subfield></datafield><datafield ind1="0" ind2="0" tag="785"><subfield code="t">Fredonia herald</subfield><subfield code="w">(DLC)sn 85032887</subfield></datafield><datafield ind1="1" ind2=" " tag="029"><subfield code="a">AU@</subfield><subfield code="b">000022167588</subfield></datafield></record>